% This file was created with JabRef 2.10.
% Encoding: Cp1252


@Article{hotelling1933analysis,
  Title                    = {Analysis of a complex of statistical variables into principal components.},
  Author                   = {Hotelling, Harold},
  Journal                  = {Journal of educational psychology},
  Year                     = {1933},

  Annote                   = {The original PCA paper.},
  Number                   = {6},
  Pages                    = {417},
  Volume                   = {24},

  Owner                    = {20361362},
  Publisher                = {Warwick \& York},
  Timestamp                = {2015.07.10},
  Url                      = {http://ovidsp.tx.ovid.com.ezproxy.library.uwa.edu.au/sp-3.16.0a/ovidweb.cgi?WebLinkFrameset=1&S=KLGPFPKHCMDDAGDLNCKKHFDCNILNAA00&returnUrl=ovidweb.cgi%3fMain%2bSearch%2bPage%3d1%26S%3dKLGPFPKHCMDDAGDLNCKKHFDCNILNAA00&directlink=http%3a%2f%2fgraphics.tx.ovid.com%2fovftpdfs%2fFPDDNCDCHFDLCM00%2ffs046%2fovft%2flive%2fgv023%2f00004760%2f00004760-193309000-00003.pdf&filename=Analysis+of+a+complex+of+statistical+variables+into+principal+components.&navigation_links=NavLinks.S.sh.22.1&link_from=S.sh.22|1&pdf_key=FPDDNCDCHFDLCM00&pdf_index=/fs046/ovft/live/gv023/00004760/00004760-193309000-00003&D=yrovft&link_set=S.sh.22|1|sl_10|resultSet|S.sh.22.23|0}
}

@Article{maron1961automatic,
  Title                    = {Automatic indexing: an experimental inquiry},
  Author                   = {Maron, Melvin Earl},
  Journal                  = {Journal of the ACM (JACM)},
  Year                     = {1961},

  Annote                   = {first paper on topic classification},
  Number                   = {3},
  Pages                    = {404--417},
  Volume                   = {8},

  Owner                    = {20361362},
  Publisher                = {ACM},
  Timestamp                = {2015.09.02},
  Url                      = {sci2s.ugr.es/keel/pdf/algorithm/classification-algorithm/Maron1961.pdf}
}

